<?xml version="1.0" encoding="UTF-8"?><collection xmlns="http://www.loc.gov/MARC21/slim"><record><leader>00656nam--2200193-i-4500</leader><controlfield tag="001">000016905</controlfield><controlfield tag="002">20161230</controlfield><controlfield tag="005">20161230201032</controlfield><controlfield tag="008">060222s1000------------r-----000-0-eng-d</controlfield><datafield ind1=" " ind2=" " tag="020"><subfield code="a">9971966344</subfield></datafield><datafield ind1=" " ind2=" " tag="040"><subfield code="a">IFIN-HH</subfield></datafield><datafield ind1=" " ind2=" " tag="080"><subfield code="a">338.913:546.57(061.3)</subfield></datafield><datafield ind1="1" ind2=" " tag="100"><subfield code="a">Balderedchi, A./S.A</subfield></datafield><datafield ind1="1" ind2="0" tag="245"><subfield code="a">The physics of latent image formation in silver halides</subfield><subfield code="b">Proceedings of an international symposium trieste, italy july 11-14, 1983</subfield><subfield code="c">A. baldereschi, w.czaja, e.tosatti, m.tosi (eds.)</subfield></datafield><datafield ind1="1" ind2="0" tag="260"><subfield code="a">Singapore</subfield><subfield code="b">World Scientific Publishing Co</subfield><subfield code="c">1984</subfield></datafield><datafield ind1=" " ind2=" " tag="300"><subfield code="a">XII+313P</subfield></datafield><datafield ind1="1" ind2=" " tag="700"><subfield code="a">Tosi, M</subfield><subfield code="e">Ed</subfield></datafield><datafield ind1=" " ind2=" " tag="852"><subfield code="a">72097</subfield><subfield code="c">539.2</subfield></datafield><datafield ind1=" " ind2=" " tag="CAT"><subfield code="a">Sys</subfield><subfield code="c">20121107</subfield><subfield code="h">163939</subfield></datafield></record></collection>